@data{DAG-Intro,
  author          = {Erik A; Avalon M; Jacqueline C; Erin C; Robert R; Ahmed A; Kristina M; Charlotte B},
  publisher = {NTRS - NASA Technical Reports Server},
  title        = {Directed Acyclic Graphs: A Tool for Understanding the NASA Human Spaceflight System Risks - Human System Risk Board},
  year = {2022},
  url = {ntrs.nasa.gov/citations/20220015709}
}

@data{HSRM-Plan,
  author       = {Erik A},
  publisher = {NTRS - NASA Technical Reports Server},
  title        = {Human System Risk Management Plan},
  year = {2022},
  url = {https://ntrs.nasa.gov/citations/20205008887}
}

@data{DAG-Doc,
  author       = {Erik A; Robert R; Avalon M; Jacqueline C; Devan P; Erin C; Mark S; Mary B; Ahmed A; Kristina M; Daniel B; Wilma A; Charlotte Brown},
  publisher = {NTRS - NASA Technical Reports Server},
  title        = {Directed Acyclic Graph Guidance Documentation},
  year = {2022},
  url = {https://ntrs.nasa.gov/citations/20220006812} 
}

@data{DAG-Validate,
  author = {Robert R, Ryan S, Russell T, Urszula I, Mary B, Lauren S, Erik A},
  publisher = {National Library of Medicine},
  title = {Validating Causal Diagrams of Human Health Risks for Spaceflight: An Example Using Bone Data from Rodents},
  year = {2022},
  url = {https://pubmed.ncbi.nlm.nih.gov/36140288/}
}

@data{OSD-366,
  author = {Costes S; Karpen G; Cekanaviciute E; Pariset E},
  publisher = {NASA Open Science Data Repository},
  title = {Coalescence of DNA double strand breaks induced by galactic cosmic radiation is modulated by genetics in 15 inbred strains of mice},
  year = {2021},
  doi = {10.26030/v8w4-rg83},
  url = {https://osdr.nasa.gov/bio/repo/data/studies/OSD-366},
  version = {1}
}

@data{OSD-477,
  author = {Rutkove S; Bouxsein M; Ko F; Mortreux M; Riveros D; Nagy J},
  publisher = {NASA Open Science Data Repository},
  title = {Dose-dependent skeletal deficits due to varied reductions in mechanical loading in rats (Femur - microCT, three-point bending, histomorphometry)},
  year = {2023},
  doi = {10.26030/b09t-mw60},
  url = {https://osdr.nasa.gov/bio/repo/data/studies/OSD-477},
  version = {1}
}

@data{OSD-608,
  author = {Rutkove S; Bouxsein M; Ko F; Mortreux M; Riveros D; Nagy J},
  publisher = {NASA Open Science Data Repository},
  title = {Dose-dependent skeletal deficits due to varied reductions in mechanical loading in rats (Tibia - pQCT)},
  year = {2023},
  doi = {10.26030/emsm-0648},
  url = {https://osdr.nasa.gov/bio/repo/data/studies/OSD-608},
  version = {1}
}

@data{OSD-310,
  author = {Turner R; Keune J; Philbrick K; Branscum A; Iwaniec U},
  publisher = {NASA Open Science Data Repository},
  title = {Spaceflight-induced (STS-62) vertebral bone loss in ovariectomized rats is associated with increased bone marrow adiposity and no change in bone formation},
  year = {2023},
  doi = {10.26030/kb2k-2150},
  url = {https://osdr.nasa.gov/bio/repo/data/studies/OSD-310},
  version = {1}
}

@data{OSD-489,
  author = {Alwood J; Dube√© P; Scott R; Thomas N; Pendleton M},
  publisher = {NASA Open Science Data Repository},
  title = {Quantifying Cancellous Bone Structural Changes in Microgravity: Axial Skeleton Results from the RR-1 Mission},
  year = {2023},
  doi = {10.26030/8wja-w380},
  url = {https://osdr.nasa.gov/bio/repo/data/studies/OSD-489},
  version = {2}
}

@data{OSD-351,
  author = {Turner R; Keune J; Branscum A; Iwaniec U},
  publisher = {NASA Open Science Data Repository},
  title = {Effects of Spaceflight on Bone Microarchitecture in the Axial and Appendicular Skeleton in Growing Ovariectomized Rats from STS-62},
  year = {2023},
  doi = {10.26030/cztm-cx29},
  url = {https://osdr.nasa.gov/bio/repo/data/studies/OSD-351},
  version = {1}
}